<?xml version="1.0" encoding="UTF-8"?><collection xmlns="http://www.loc.gov/MARC21/slim"><record><leader>00507nam--2200169-u-4500</leader><controlfield tag="001">000056807</controlfield><controlfield tag="002">20191023</controlfield><controlfield tag="005">20191023032043</controlfield><controlfield tag="008">191023s1000------------r-----000-0-eng-d</controlfield><datafield ind1=" " ind2=" " tag="041"><subfield code="a">ENG</subfield></datafield><datafield ind1="1" ind2=" " tag="110"><subfield code="a">Engineering Faculty, Hacettepe University</subfield></datafield><datafield ind1="1" ind2="0" tag="245"><subfield code="a">International Workshop on Plasma Polymers and Related Materials</subfield></datafield><datafield ind1=" " ind2=" " tag="260"><subfield code="a">Antalya Turkiye</subfield><subfield code="b">Hacettepe University Printhouse</subfield><subfield code="c">2004</subfield></datafield><datafield ind1=" " ind2=" " tag="300"><subfield code="a">49 p</subfield></datafield><datafield ind1=" " ind2=" " tag="500"><subfield code="a">donatie Gheorghe Dinescu</subfield></datafield><datafield ind1=" " ind2=" " tag="852"><subfield code="a">82775</subfield><subfield code="c">061.3</subfield></datafield><datafield ind1=" " ind2=" " tag="CAT"><subfield code="a">SYS</subfield><subfield code="c">20191023</subfield><subfield code="h">032043</subfield></datafield></record></collection>